@article{hurley-walker_galactic_2017,
	title = {{GaLactic} and {Extragalactic} {All}-sky {Murchison} {Widefield} {Array} ({GLEAM}) survey – {I}. {A} low-frequency extragalactic catalogue},
	volume = {464},
	issn = {0035-8711},
	url = {https://academic.oup.com/mnras/article/464/1/1146/2280761},
	doi = {10.1093/mnras/stw2337},
	abstract = {Abstract.  Using the Murchison Widefield Array (MWA), the low-frequency Square Kilometre Array precursor located in Western Australia, we have completed the GaL},
	language = {en},
	number = {1},
	urldate = {2018-12-10},
	journal = {Monthly Notices of the Royal Astronomical Society},
	author = {Hurley-Walker, N. and Callingham, J. R. and Hancock, P. J. and Franzen, T. M. O. and Hindson, L. and Kapińska, A. D. and Morgan, J. and Offringa, A. R. and Wayth, R. B. and Wu, C. and Zheng, Q. and Murphy, T. and Bell, M. E. and Dwarakanath, K. S. and For, B. and Gaensler, B. M. and Johnston-Hollitt, M. and Lenc, E. and Procopio, P. and Staveley-Smith, L. and Ekers, R. and Bowman, J. D. and Briggs, F. and Cappallo, R. J. and Deshpande, A. A. and Greenhill, L. and Hazelton, B. J. and Kaplan, D. L. and Lonsdale, C. J. and McWhirter, S. R. and Mitchell, D. A. and Morales, M. F. and Morgan, E. and Oberoi, D. and Ord, S. M. and Prabu, T. and Shankar, N. Udaya and Srivani, K. S. and Subrahmanyan, R. and Tingay, S. J. and Webster, R. L. and Williams, A. and Williams, C. L.},
	month = jan,
	year = {2017},
	pages = {1146--1167},
}

@misc{nithyanandan_2019_2548117,
  author       = {Nithyanandan Thyagarajan and
                  Matthew Kolopanis and
                  Danny Jacobs and
                  Steven Murray and
                  santoshmh},
  title        = {{PRISim}: {Precision} {Radio} {Interferometry} {Simulator} (for radio astronomy applications)},
  month        = jan,
  year         = 2019,
  doi          = {10.5281/zenodo.2548117},
  version      = {0.2-alpha},
  publisher    = {Zenodo},
  url          = {https://doi.org/10.5281/zenodo.2548117}
}

@inproceedings{martinot_simulations_2018,
	title = {Simulations of {Polarization} {Leakage} and {Ionospheric} {Attenuation} in {Visibility} {Measurements} for the {HERA} and {PAPER} {Experiments}},
	volume = {231},
	url = {http://adsabs.harvard.edu/abs/2018AAS...23115026M},
	urldate = {2018-12-10},
	author = {Martinot, Zachary and Kohn, Saul and Aguirre, James and Washington, Immanuel and HERA Collaboration, PAPER Collaboration},
	month = jan,
	year = {2018},
	pages = {150.26}
}

@article{j_hazelton_pyuvdata:_2017,
	title = {pyuvdata: an interface for astronomical interferometeric datasets in python},
	volume = {2},
	issn = {2475-9066},
	shorttitle = {pyuvdata},
	url = {http://joss.theoj.org/papers/10.21105/joss.00140},
	doi = {10.21105/joss.00140},
	number = {10},
	urldate = {2018-01-27},
	journal = {The Journal of Open Source Software},
	author = {{Hazelton}, {Bryna} and {Jacobs}, {Daniel} and {Pober}, {Jonathan} and {Beardsley}, {Adam}},
	month = feb,
	year = {2017},
	pages = {140},
}

@ARTICLE{fhd,
  author = {{Sullivan}, I.~S. and {Morales}, M.~F. and {Hazelton}, B.~J. and
	          {Arcus}, W. and {Barnes}, D. and {Bernardi}, G. and {Briggs}, F.~H. and
	          {Bowman}, J.~D. and {Bunton}, J.~D. and {Cappallo}, R.~J. and
	          {Corey}, B.~E. and {Deshpande}, A. and {deSouza}, L. and {Emrich}, D. and
	          {Gaensler}, B.~M. and {Goeke}, R. and {Greenhill}, L.~J. and
	          {Herne}, D. and {Hewitt}, J.~N. and {Johnston-Hollitt}, M. and
	          {Kaplan}, D.~L. and {Kasper}, J.~C. and {Kincaid}, B.~B. and
	          {Koenig}, R. and {Kratzenberg}, E. and {Lonsdale}, C.~J. and
	          {Lynch}, M.~J. and {McWhirter}, S.~R. and {Mitchell}, D.~A. and
	          {Morgan}, E. and {Oberoi}, D. and {Ord}, S.~M. and {Pathikulangara}, J. and
	          {Prabu}, T. and {Remillard}, R.~A. and {Rogers}, A.~E.~E. and
	          {Roshi}, A. and {Salah}, J.~E. and {Sault}, R.~J. and {Udaya Shankar}, N. and
	          {Srivani}, K.~S. and {Stevens}, J. and {Subrahmanyan}, R. and
	          {Tingay}, S.~J. and {Wayth}, R.~B. and {Waterson}, M. and {Webster}, R.~L. and
	          {Whitney}, A.~R. and {Williams}, A. and {Williams}, C.~L. and
	          {Wyithe}, J.~S.~B.},
  title = "{Fast Holographic Deconvolution: A New Technique for Precision Radio Interferometry}",
  journal = {ApJ},
  archivePrefix = "arXiv",
  eprint = {1209.1653},
  primaryClass = "astro-ph.IM",
  keywords = {dark ages, reionization, first stars, techniques: image processing, techniques: interferometric},
  year = 2012,
  month = nov,
  volume = 759,
  eid = {17},
  pages = {17},
  doi = {10.1088/0004-637X/759/1/17},
  adsurl = {http://adsabs.harvard.edu/abs/2012ApJ...759...17S},
  adsnote = {Provided by the SAO/NASA Astrophysics Data System},
  url = {https://github.com/EoRImaging/FHD}
}

@article{astropy:2013,
Adsnote = {Provided by the SAO/NASA Astrophysics Data System},
Adsurl = {http://adsabs.harvard.edu/abs/2013A%26A...558A..33A},
Archiveprefix = {arXiv},
Author = {{Astropy Collaboration} and {Robitaille}, T.~P. and {Tollerud}, E.~J. and {Greenfield}, P. and {Droettboom}, M. and {Bray}, E. and {Aldcroft}, T. and {Davis}, M. and {Ginsburg}, A. and {Price-Whelan}, A.~M. and {Kerzendorf}, W.~E. and {Conley}, A. and {Crighton}, N. and {Barbary}, K. and {Muna}, D. and {Ferguson}, H. and {Grollier}, F. and {Parikh}, M.~M. and {Nair}, P.~H. and {Unther}, H.~M. and {Deil}, C. and {Woillez}, J. and {Conseil}, S. and {Kramer}, R. and {Turner}, J.~E.~H. and {Singer}, L. and {Fox}, R. and {Weaver}, B.~A. and {Zabalza}, V. and {Edwards}, Z.~I. and {Azalee Bostroem}, K. and {Burke}, D.~J. and {Casey}, A.~R. and {Crawford}, S.~M. and {Dencheva}, N. and {Ely}, J. and {Jenness}, T. and {Labrie}, K. and {Lim}, P.~L. and {Pierfederici}, F. and {Pontzen}, A. and {Ptak}, A. and {Refsdal}, B. and {Servillat}, M. and {Streicher}, O.},
Doi = {10.1051/0004-6361/201322068},
Eid = {A33},
Eprint = {1307.6212},
Journal = {AAP},
Keywords = {methods: data analysis, methods: miscellaneous, virtual observatory tools},
Month = oct,
Pages = {A33},
Primaryclass = {astro-ph.IM},
Title = {{Astropy: A community Python package for astronomy}},
Volume = 558,
Year = 2013,
Bdsk-Url-1 = {https://dx.doi.org/10.1051/0004-6361/201322068}}

@article{astropy:2018,
Adsnote = {Provided by the SAO/NASA Astrophysics Data System},
Adsurl = {https://ui.adsabs.harvard.edu/#abs/2018AJ....156..123T},
Author = {{Price-Whelan}, A.~M. and {Sip{'{o}}cz}, B.~M. and {G{"u}nther}, H.~M. and {Lim}, P.~L. and {Crawford}, S.~M. and {Conseil}, S. and {Shupe}, D.~L. and {Craig}, M.~W. and {Dencheva}, N. and {Ginsburg}, A. and {VanderPlas}, J.~T. and {Bradley}, L.~D. and {P{'e}rez-Su{'a}rez}, D. and {de Val-Borro}, M. and {Paper Contributors}, (Primary and {Aldcroft}, T.~L. and {Cruz}, K.~L. and {Robitaille}, T.~P. and {Tollerud}, E.~J. and {Coordination Committee}, (Astropy and {Ardelean}, C. and {Babej}, T. and {Bach}, Y.~P. and {Bachetti}, M. and {Bakanov}, A.~V. and {Bamford}, S.~P. and {Barentsen}, G. and {Barmby}, P. and {Baumbach}, A. and {Berry}, K.~L. and {Biscani}, F. and {Boquien}, M. and {Bostroem}, K.~A. and {Bouma}, L.~G. and {Brammer}, G.~B. and {Bray}, E.~M. and {Breytenbach}, H. and {Buddelmeijer}, H. and {Burke}, D.~J. and {Calderone}, G. and {Cano Rodr{'i}guez}, J.~L. and {Cara}, M. and {Cardoso}, J.~V.~M. and {Cheedella}, S. and {Copin}, Y. and {Corrales}, L. and {Crichton}, D. and {D{ extquoteright}Avella}, D. and {Deil}, C. and {Depagne}, {'E}. and {Dietrich}, J.~P. and {Donath}, A. and {Droettboom}, M. and {Earl}, N. and {Erben}, T. and {Fabbro}, S. and {Ferreira}, L.~A. and {Finethy}, T. and {Fox}, R.~T. and {Garrison}, L.~H. and {Gibbons}, S.~L.~J. and {Goldstein}, D.~A. and {Gommers}, R. and {Greco}, J.~P. and {Greenfield}, P. and {Groener}, A.~M. and {Grollier}, F. and {Hagen}, A. and {Hirst}, P. and {Homeier}, D. and {Horton}, A.~J. and {Hosseinzadeh}, G. and {Hu}, L. and {Hunkeler}, J.~S. and {Ivezi{'c}}, {Z}. and {Jain}, A. and {Jenness}, T. and {Kanarek}, G. and {Kendrew}, S. and {Kern}, N.~S. and {Kerzendorf}, W.~E. and {Khvalko}, A. and {King}, J. and {Kirkby}, D. and {Kulkarni}, A.~M. and {Kumar}, A. and {Lee}, A. and {Lenz}, D. and {Littlefair}, S.~P. and {Ma}, Z. and {Macleod}, D.~M. and {Mastropietro}, M. and {McCully}, C. and {Montagnac}, S. and {Morris}, B.~M. and {Mueller}, M. and {Mumford}, S.~J. and {Muna}, D. and {Murphy}, N.~A. and {Nelson}, S. and {Nguyen}, G.~H. and {Ninan}, J.~P. and {N{"o}the}, M. and {Ogaz}, S. and {Oh}, S. and {Parejko}, J.~K. and {Parley}, N. and {Pascual}, S. and {Patil}, R. and {Patil}, A.~A. and {Plunkett}, A.~L. and {Prochaska}, J.~X. and {Rastogi}, T. and {Reddy Janga}, V. and {Sabater}, J. and {Sakurikar}, P. and {Seifert}, M. and {Sherbert}, L.~E. and {Sherwood-Taylor}, H. and {Shih}, A.~Y. and {Sick}, J. and {Silbiger}, M.~T. and {Singanamalla}, S. and {Singer}, L.~P. and {Sladen}, P.~H. and {Sooley}, K.~A. and {Sornarajah}, S. and {Streicher}, O. and {Teuben}, P. and {Thomas}, S.~W. and {Tremblay}, G.~R. and {Turner}, J.~E.~H. and {Terr{'o}n}, V. and {van Kerkwijk}, M.~H. and {de la Vega}, A. and {Watkins}, L.~L. and {Weaver}, B.~A. and {Whitmore}, J.~B. and {Woillez}, J. and {Zabalza}, V. and {Contributors}, (Astropy},
Doi = {10.3847/1538-3881/aabc4f},
Eid = {123},
Journal = {AJ},
Keywords = {methods: data analysis, methods: miscellaneous, methods: statistical, reference systems, Astrophysics - Instrumentation and Methods for Astrophysics},
Month = Sep,
Pages = {123},
Primaryclass = {astro-ph.IM},
Title = {{The Astropy Project: Building an Open-science Project and Status of the v2.0 Core Package}},
Volume = {156},
Year = 2018,
Bdsk-Url-1 = {https://doi.org/10.3847/1538-3881/aabc4f}
}

@article{dalcin2005mpi,
title={{MPI} for {Python}},
author={Dalc{\'\i}n, Lisandro and Paz, Rodrigo and Storti, Mario},
journal={Journal of Parallel and Distributed Computing},
doi={10.1016/j.jpdc.2005.03.010},
volume={65},
number={9},
pages={1108--1115},
year={2005},
publisher={Elsevier}
}


@article{hamaker_understanding_1996,
	title = {Understanding radio polarimetry. {I}. {Mathematical} foundations},
	volume = {117},
	copyright = {© European Southern Observatory (ESO), 1996},
	issn = {0365-0138, 1286-4846},
	url = {https://doi.org/10.1051/aas:1996146},
	doi = {10.1051/aas:1996146},
	abstract = {Astronomy and Astrophysics, Supplement Series (A\&AS) published data papers, either observational or theoretical, as well as extensive data material forming the basis of papers with astrophysical results},
	language = {en},
	number = {1},
	urldate = {2017-10-09},
	journal = {Astronomy and Astrophysics Supplement Series},
	author = {Hamaker, J. P. and Bregman, J. D. and Sault, R. J.},
	month = may,
	year = {1996},
	pages = {137--147}
}
